@article{Networking19,
  author        = {Ivan Bochkov and
               Alex Davydow and
               Nikita Gaevoy and
               Sergey I. Nikolenko},
  title         = {New Competitiveness Bounds for the Shared Memory Switch},
  journal       = {CoRR},
  volume        = {abs/1907.04399},
  year          = {2019},
  url           = {http://arxiv.org/abs/1907.04399},
  archiveprefix = {arXiv},
  eprint        = {1907.04399},
  timestamp     = {Wed, 17 Jul 2019 10:27:36 +0200},
  biburl        = {https://dblp.org/rec/journals/corr/abs-1907-04399.bib},
  bibsource     = {dblp computer science bibliography, https://dblp.org}
}

@article{DPLL21,
  author  = {Nikita Gaevoy},
  title   = {Hard satisfiable formulas for DPLL algorithms using heuristics with small memory},
  year    = {2021},
}
